
@inproceedings{khalil2017learning,
  title={Learning combinatorial optimization algorithms over graphs},
  author={Khalil, Elias and Dai, Hanjun and Zhang, Yuyu and Dilkina, Bistra and Song, Le},
  booktitle={Advances in Neural Information Processing Systems},
  pages={6348--6358},
  year={2017}
}

@article{barrett2019exploratory,
  title={Exploratory combinatorial optimization with reinforcement learning},
  author={Barrett, Thomas D and Clements, William R and Foerster, Jakob N and Lvovsky, Alex I},
  journal={arXiv preprint arXiv:1909.04063},
  year={2019}
}

@article{ma2019combinatorial,
  title={Combinatorial Optimization by Graph Pointer Networks and Hierarchical Reinforcement Learning},
  author={Ma, Qiang and Ge, Suwen and He, Danyang and Thaker, Darshan and Drori, Iddo},
  journal={arXiv preprint arXiv:1911.04936},
  year={2019}
}

@inproceedings{vinyals2015pointer,
  title={Pointer networks},
  author={Vinyals, Oriol and Fortunato, Meire and Jaitly, Navdeep},
  booktitle={Advances in neural information processing systems},
  pages={2692--2700},
  year={2015}
}

@article{kool2018attention,
  title={Attention, learn to solve routing problems!},
  author={Kool, Wouter and Van Hoof, Herke and Welling, Max},
  journal={arXiv preprint arXiv:1803.08475},
  year={2018}
}

@inproceedings{vaswani2017attention,
  title={Attention is all you need},
  author={Vaswani, Ashish and Shazeer, Noam and Parmar, Niki and Uszkoreit, Jakob and Jones, Llion and Gomez, Aidan N and Kaiser, {\L}ukasz and Polosukhin, Illia},
  booktitle={Advances in neural information processing systems},
  pages={5998--6008},
  year={2017}
}

@inproceedings{chun2011clonecloud,
  title={Clonecloud: elastic execution between mobile device and cloud},
  author={Chun, Byung-Gon and Ihm, Sunghwan and Maniatis, Petros and Naik, Mayur and Patti, Ashwin},
  booktitle={Proceedings of the sixth conference on Computer systems},
  pages={301--314},
  year={2011}
}

@inproceedings{vaezpour2014swap,
  title={SWAP: Security aware provisioning and migration of phone clones over mobile clouds},
  author={Vaezpour, Seyed Yahya and Zhang, Rui and Wu, Kui and Wang, Jianping and Shoja, Gholamali C},
  booktitle={2014 IFIP Networking Conference},
  pages={1--9},
  year={2014},
  organization={IEEE}
}

@inproceedings{Lu2020A,
title={A Learning-based Iterative Method for Solving Vehicle Routing Problems},
author={Hao Lu and Xingwen Zhang and Shuang Yang},
booktitle={International Conference on Learning Representations},
year={2020},
url={https://openreview.net/forum?id=BJe1334YDH}
}

@article{cappart2020combining,
  title={Combining Reinforcement Learning and Constraint Programming for Combinatorial Optimization},
  author={Cappart, Quentin and Moisan, Thierry and Rousseau, Louis-Martin and Pr{\'e}mont-Schwarz, Isabeau and Cire, Andre},
  journal={arXiv preprint arXiv:2006.01610},
  year={2020}
}

@article{bello2016neural,
  title={Neural combinatorial optimization with reinforcement learning},
  author={Bello, Irwan and Pham, Hieu and Le, Quoc V and Norouzi, Mohammad and Bengio, Samy},
  journal={arXiv preprint arXiv:1611.09940},
  year={2016}
}

@inproceedings{nazari2018reinforcement,
  title={Reinforcement learning for solving the vehicle routing problem},
  author={Nazari, Mohammadreza and Oroojlooy, Afshin and Snyder, Lawrence and Tak{\'a}c, Martin},
  booktitle={Advances in Neural Information Processing Systems},
  pages={9839--9849},
  year={2018}
}

@inproceedings{barbera2013offload,
  title={To offload or not to offload? the bandwidth and energy costs of mobile cloud computing},
  author={Barbera, Marco V and Kosta, Sokol and Mei, Alessandro and Stefa, Julinda},
  booktitle={2013 Proceedings Ieee Infocom},
  pages={1285--1293},
  year={2013},
  organization={IEEE}
}

@article{liu2013gearing,
  title={Gearing resource-poor mobile devices with powerful clouds: architectures, challenges, and applications},
  author={Liu, Fangming and Shu, Peng and Jin, Hai and Ding, Linjie and Yu, Jie and Niu, Di and Li, Bo},
  journal={IEEE Wireless communications},
  volume={20},
  number={3},
  pages={14--22},
  year={2013},
  publisher={IEEE}
}

@Misc{Tysowski,
author={{Tysowski, Piotr}},
title={Highly Scalable and Secure Mobile Applications in Cloud Computing Systems},
year={2013},
publisher="UWSpace",
url={http://hdl.handle.net/10012/7449}
}

@inproceedings{ristenpart2009hey,
  title={Hey, you, get off of my cloud: exploring information leakage in third-party compute clouds},
  author={Ristenpart, Thomas and Tromer, Eran and Shacham, Hovav and Savage, Stefan},
  booktitle={Proceedings of the 16th ACM conference on Computer and communications security},
  pages={199--212},
  year={2009}
}

@inproceedings {180210,
	author = {Zhenyu Wu and Zhang Xu and Haining Wang},
	title = {Whispers in the Hyper-space: High-speed Covert Channel Attacks in the Cloud},
	booktitle = {Presented as part of the 21st {USENIX} Security Symposium ({USENIX} Security 12)},
	year = {2012},
	isbn = {978-931971-95-9},
	address = {Bellevue, WA},
	pages = {159--173},
	url = {https://www.usenix.org/conference/usenixsecurity12/technical-sessions/presentation/wu},
	publisher = {{USENIX}},
}

@article{kipf2016semi,
  title={Semi-supervised classification with graph convolutional networks},
  author={Kipf, Thomas N and Welling, Max},
  journal={arXiv preprint arXiv:1609.02907},
  year={2016}
}

@article{jin2018learning,
  title={Learning graph-level representations with recurrent neural networks},
  author={Jin, Yu and JaJa, Joseph F},
  journal={arXiv preprint arXiv:1805.07683},
  year={2018}
}

@inproceedings{niepert2016learning,
  title={Learning convolutional neural networks for graphs},
  author={Niepert, Mathias and Ahmed, Mohamed and Kutzkov, Konstantin},
  booktitle={International conference on machine learning},
  pages={2014--2023},
  year={2016}
}

@article{xu2018powerful,
  title={How powerful are graph neural networks?},
  author={Xu, Keyulu and Hu, Weihua and Leskovec, Jure and Jegelka, Stefanie},
  journal={arXiv preprint arXiv:1810.00826},
  year={2018}
}

@inproceedings{li2018combinatorial,
  title={Combinatorial optimization with graph convolutional networks and guided tree search},
  author={Li, Zhuwen and Chen, Qifeng and Koltun, Vladlen},
  booktitle={Advances in Neural Information Processing Systems},
  pages={539--548},
  year={2018}
}

@article{mittal2019learning,
  title={Learning heuristics over large graphs via deep reinforcement learning},
  author={Mittal, Akash and Dhawan, Anuj and Manchanda, Sahil and Medya, Sourav and Ranu, Sayan and Singh, Ambuj},
  journal={arXiv preprint arXiv:1903.03332},
  year={2019}
}


@book{sutton2018reinforcement,
  title={Reinforcement learning: An introduction},
  author={Sutton, Richard S and Barto, Andrew G},
  year={2018},
  publisher={MIT press}
}

@article{billionnet2009improving,
  title={Improving the performance of standard solvers for quadratic 0-1 programs by a tight convex reformulation: The QCR method},
  author={Billionnet, Alain and Elloumi, Sourour and Plateau, Marie-Christine},
  journal={Discrete Applied Mathematics},
  volume={157},
  number={6},
  pages={1185--1197},
  year={2009},
  publisher={Elsevier}
}

@article{adams2004comparisons,
  title={Comparisons and enhancement strategies for linearizing mixed 0-1 quadratic programs},
  author={Adams, Warren P and Forrester, Richard J and Glover, Fred W},
  journal={Discrete Optimization},
  volume={1},
  number={2},
  pages={99--120},
  year={2004},
  publisher={Elsevier}
}

@article{billionnet2004exact,
  title={An exact method based on Lagrangian decomposition for the 0--1 quadratic knapsack problem},
  author={Billionnet, Alain and Soutif, {\'E}ric},
  journal={European Journal of operational research},
  volume={157},
  number={3},
  pages={565--575},
  year={2004},
  publisher={Elsevier}
}

@book{boyd2004convex,
  title={Convex optimization},
  author={Boyd, Stephen and Boyd, Stephen P and Vandenberghe, Lieven},
  year={2004},
  publisher={Cambridge university press}
}

@article{lawler1963quadratic,
  title={The quadratic assignment problem},
  author={Lawler, Eugene L},
  journal={Management science},
  volume={9},
  number={4},
  pages={586--599},
  year={1963},
  publisher={INFORMS}
}

@book{padberg2012location,
  title={Location, scheduling, design and integer programming},
  author={Padberg, Manfred W and Rijal, Minendra P},
  volume={3},
  year={2012},
  publisher={Springer Science \& Business Media}
}

@article{loiola2007survey,
  title={A survey for the quadratic assignment problem},
  author={Loiola, Eliane Maria and de Abreu, Nair Maria Maia and Boaventura-Netto, Paulo Oswaldo and Hahn, Peter and Querido, Tania},
  journal={European journal of operational research},
  volume={176},
  number={2},
  pages={657--690},
  year={2007},
  publisher={Elsevier}
}

@article{szepesvari2010algorithms,
  title={Algorithms for reinforcement learning},
  author={Szepesv{\'a}ri, Csaba},
  journal={Synthesis lectures on artificial intelligence and machine learning},
  volume={4},
  number={1},
  pages={1--103},
  year={2010},
  publisher={Morgan \& Claypool Publishers}
}



@article{airoldi2008mixed,
  title={Mixed membership stochastic blockmodels},
  author={Airoldi, Edoardo M and Blei, David M and Fienberg, Stephen E and Xing, Eric P},
  journal={Journal of machine learning research},
  volume={9},
  number={Sep},
  pages={1981--2014},
  year={2008}
}
